@unpublished{
	map-palmer,
	title = {Muon Accelerators: An Integrated Parth to Intensity and Energy Frontier Physics Capabilities},
	author = {Palmer, Mark},
	year = {2013},
	month = {March},
	note = {Presented at the Higgs Factory Muon Collider Workshop at UCLA},
	URL = {http://hepconf.physics.ucla.edu/higgs2013/talks/}
}

@unpublished{
	H-meas-muller,
	title = {The Higgs Boson: Latest Measurements},
	author = {Muller, Thomas},
	year = {2013},
	month = {March},
	note = {Presented at the Higgs Factory Muon Collider Workshop at UCLA},
	URL = {http://hepconf.physics.ucla.edu/higgs2013/talks/}
}

@unpublished{
	HF-tech-opt-delahaye,
	title = {Higgs Factory: Overview of Technology Options},
	author = {Delahaye, J.P.},
	year = {2013},
	month = {March},
	note = {Presented at the Higgs Factory Muon Collider Workshop at UCLA},
	URL = {http://hepconf.physics.ucla.edu/higgs2013/talks/}
}

@unpublished{
	mc-physics-eich,
	title = {Physics at a Muon Collider Higgs Factory},
	author = {Eichten, Estia},
	year = {2013},
	month = {March},
	note = {Presented at the Higgs Factory Muon Collider Workshop at UCLA},
	URL = {http://hepconf.physics.ucla.edu/higgs2013/talks/}
}

@unpublished{
	key,
	title = {},
	author = {},
	year = {},
	month = {},
	note = {},
	URL = {}
}

@article{
	sm-h-width,
	author    = "Barger, V. and Ishida, M. and Keung W.",
	title     = "Total Width of 125 GeV Higgs Boson",
	journal   = "Physical Review Letters",
	volume   = "108",
	number   = "261801",
	year      = "2012",
	month    = "June",
	note     = "arXiv:1203.3456v3"
}

@article{
	higgs-handbook,
	author    = "Dittmaier, S. and Mariotti, C. and Passarino, G. and Tanaka, R.",
	title     = "Handbook of LHC Higgs cross sections: 2. Differential Distributions",
	journal   = "CERN Reports",
	pages    = "p. 254",
	year      = "2012",
	month    = "January",
	note     = "arXiv:1201.3084v1"
}

@article{
	lhc-higgs-width,
	title = {Extracting Higgs boson couplings from CERN LHC data},
	author = {Duhrssen, M. and Heinemeyer, S. and Logan, H. and Rainwater, D. and Weiglein, G. and Zeppenfeld, D.},
	journal = {Phys. Rev. D},
	volume = {70},
	issue = {11},
	pages = {113009},
	numpages = {11},
	year = {2004},
	month = {Dec},
	doi = {10.1103/PhysRevD.70.113009},
	url = {http://link.aps.org/doi/10.1103/PhysRevD.70.113009},
	publisher = {American Physical Society}
}

@article{
	han-higgs-measurement,
	author    = "Han, T. and Liu, Z.",
	title     = "Direct Measurement of the Higgs Boson Width at a Muon Collider",
	journal   = "Phys. Rev. D",
	volume   = "87",
	number   = "033007",
	year      = "2013",
	month    = "02",
	note     = "arXiv:1210.7803v2"
}


@misc{
	cern-press,
	author = "CERN Press Office",
	title = "New results indicate that particle discovered at CERN is a Higgs boson",
	month = "March",
	year = "2013",
	note = "Accessed online April 02, 2013",
	url = "http://press.web.cern.ch/press-releases/2013/03/new-results-indicate-particle-discovered-cern-higgs-boson"
}

@misc{
	higgs-brs,
	author = "CERN LHC Higgs Physics",
	title = "Standard Model Higgs Decay Branching Ratios",
	note = "Accessed online April 04, 2013",
	url = "https://twiki.cern.ch/twiki/bin/view/LHCPhysics/CrossSectionsFigures"
}
